%%%%%%%%%%%%%%%%%%%%%%%%%%%%%%%%%%%%
              Livres
%%%%%%%%%%%%%%%%%%%%%%%%%%%%%%%%%%%

@book{rouviere2009,
  title={Petit guide de calcul diff{\'e}rentiel: {\`a} l'usage de la licence et de l'agr{\'e}gation},
  author={Rouvi{\`e}re, F.},
  isbn={9782842251093},
  series={Enseignement des math{\'e}matiques},
  url={https://books.google.fr/books?id=7GZdPgAACAAJ},
  year={2009},
  publisher={Cassini},
  keywords={livre}
}


@book{contre-exemples,
    title = {Les \textsc{contre-exemples} en \textsc{mathématiques}},
    author = {Bertrand \textsc{Hauchecorne}},
    isbn = {9782729834180},
    year = {1988--2014},
    publisher = {Ellipses},
    keywords = {contre-exemples},
    keywords={livre}
}
-
@book{exos_oraux,
    title = {L'Oral de \textsc{mathématiques} aux concours X-Mines-Centrale-Ensam},
    author = {Florent \textsc{Nicaise}},
    isbn = {9782729880163},
    year = {2013},
    publisher = {Ellipses},
    keywords={livre}
}

@book{rms2016-2,
    title = {Revue de Mathématiques Spéciales},
    page = {192},
    isbn = {},
    year = {Janvier 2016 N°2},
    publisher = {Epistemon},
    keywords={livre}
}


@book{rms2021-3,
    title = {Revue de Mathématiques Spéciales},
    page = {135},
    isbn = {9782379190308},
    year = {Avril 2021 N°3},
    publisher = {Epistemon},
    keywords={livre}
}

@book{matrices,
    title = {Les Matrices Théorie et pratique},
    author = {Denis \textsc{Serre}},
    page = {51},
    isbn = {978-2-10-005515-9},
    publisher = {Dunod},
    keywords={livre}
}

@book{dieudonne1968,
  title={Calcul infinit{\'e}simal},
  author={Dieudonn{\'e}, J.},
  lccn={lc68099040},
  series={Collection M{\'e}thodes},
  url={https://books.google.fr/books?id=DHGmAAAAIAAJ},
  year={1968},
  publisher={Hermann},
  keywords={livre}
}

@book{oraux_x_ens_1,
    title = {Oraux \textsc{x-ens} 1},
    author = {S. \textsc{Francinou} and H. \textsc{Gianella} and S. \textsc{Nicolas}},
    isbn = {978-2-84225-241-0},
    publisher = {Cassini},
    keywords={livre}
}

@book{oraux_x_ens_2,
    title = {Oraux \textsc{x-ens} 2},
    author = {S. \textsc{Francinou} and H. \textsc{Gianella} and S. \textsc{Nicolas}},
    isbn = {978-2-84225-249-6},
    publisher = {Cassini},
    keywords={livre}
}

@book{oraux_x_ens_3,
    title = {Oraux \textsc{x-ens} 3},
    author = {S. \textsc{Francinou} and H. \textsc{Gianella} and S. \textsc{Nicolas}},
    isbn = {978-2-84225-243-4},
    publisher = {Cassini},
    keywords={livre}
}

@book{intro_graph_alea,
    title = {Introduction aux graphes aléatoires},
    author = {Roger \textsc{Mansuy}},
    isbn = {978-2-916352-81-7},
    publisher = {Calvage \& Mounet},
    keywords={livre}
}

@book{ellipses,
    title = {Mathématiques \textsc{psi}/\textsc{psi}$^\star$},
    isbn = {9782340029484},
    publisher = {Ellipses},
    keywords={livre}
}

@book{reduc_des_endo,
    title = {Algèbre linéaire - Réduction des endomorphismes},
    author = {R. \textsc{Mansuy} and R. \textsc{Mneimné}},
    isbn = {978-2-8073-3661-2},
    publisher = {de Boeck},
    keywords={livre}
}

@book{objectif_agregation,
    title = {Objectif Agrégation - Mathématiques},
    author = {Vincent \textsc{Beck} and Jérôme \textsc{Malick} and Gabriel \textsc{Peyré}},
    isbn = {2914010923},
    publisher = {H\&K},
    keywords={livre}
}

@book{demailly2016,
  TITLE = {{Analyse num{\'e}rique et {\'e}quations diff{\'e}rentielles.}},
  AUTHOR = {Demailly, Jean-Pierre},
  URL = {https://hal.science/hal-01675213},
  HAL_LOCAL_REFERENCE = {AG},
  PUBLISHER = {{Les Ulis - EDP Sciences}},
  SERIES = {Collection Grenoble sciences, ISSN 0767-371X},
  YEAR = {2016},
  HAL_ID = {hal-01675213},
  HAL_VERSION = {v1},
  keywords={livre}
}

@book{rudin2009,
  title={Analyse r{\'e}elle et complexe: Cours et exercices},
  author={Rudin, W. and Dhombres, J.},
  isbn={9782100534470},
  series={Sciences sup},
  url={https://books.google.fr/books?id=ZumJPwAACAAJ},
  year={2009},
  publisher={Dunod},
  keywords={livre}
}

@book{rudin2006,
  title={Principes d'analyse math{\'e}matique: cours et exercices},
  author={Rudin, W. (trad. Auliac, G.)},
  isbn={9782100500352},
  series={Sciences sup},
  url={https://books.google.fr/books?id=z3kQPQAACAAJ},
  year={2006},
  publisher={Dunod},
  keywords={livre}
}


%%%%%%%%%%%%%%%%%%%%%%%%%%%%%%%%%%%%
        Articles
%%%%%%%%%%%%%%%%%%%%%%%%%%%%%%%%%%%

@article{truc2019,
    author = {Jean-Paul Truc},
    title = {Riemann Sums for Generalized Integrals},
    journal = {The College Mathematics Journal},
    volume = {50},
    number = {2},
    pages = {123--132},
    year = {2019},
    publisher = {Taylor \& Francis},
    doi = {10.1080/07468342.2019.1560119},
    URL = {https://doi.org/10.1080/07468342.2019.1560119},
    eprint = {https://doi.org/10.1080/07468342.2019.1560119}
}

@article{davis1959,
  title={Leonhard Euler's Integral: A Historical Profile of the Gamma Function: In Memoriam: Milton Abramowitz},
  author={Philip J. Davis},
  journal={American Mathematical Monthly},
  year={1959},
  volume={66},
  pages={849-869},
  url={https://api.semanticscholar.org/CorpusID:124013640}
}


%%%%%%%%%%%%%%%%%%%%%%%%%%%%%%%%%%%%
            Sites web
%%%%%%%%%%%%%%%%%%%%%%%%%%%%%%%%%%%

@misc{acamanes,
    title = {Cours \& Exercices de \textsc{psi}},
    author = {Alain \textsc{Camanes}},
    publisher = {Stanislas, Paris},
    url = {https://acamanes.github.io/psi/chapitres.html},
    keywords={siteweb}
}

@misc{maths-france,
    author = {Jean-Louis \textsc{Rouget}},
    title = {Maths France},
    publisher = {Maths-France},
    url = {https://www.maths-france.fr/index.php},
    keywords={siteweb}
}

@misc{fmaalouf,
    author = {Fares \textsc{Maalouf}},
    url = {https://fmaalouf.com/documents/},
    keywords={siteweb}
}

@misc{rioul,
    author = {Olivier \textsc{Rioul}, Victor Rabiet},
    url = {https://perso.telecom-paristech.fr/rioul/publis/202301rioul.pdf},
    keywords={siteweb}
}

%%%%%%%%%%%%%%%%%%%%%%%%%%%%%%%%%%%%
        Sujets de concours
%%%%%%%%%%%%%%%%%%%%%%%%%%%%%%%%%%%
@misc{mines_2_pc_2017,
    title = {Mathématiques 2 \textsc{PC}},
    author = {Concours Mines Ponts},
    year = {2017},
    keywords={sujetconcours}
}


@misc{ensait_1_mp_1996,
    title = {Mathématiques 1 \textsc{MP}},
    author = {École Nationale Supérieure des Arts et Industries Textiles},
    year = {1996},
    keywords={sujetconcours}
}

@misc{ccp_1_mp_2011,
    title = {Mathématiques 1 \textsc{MP}},
    author = {Concours Centrale-Supélec},
    year = {2011},
    keywords={sujetconcours}
}

@misc{esm_1_1995,
    title = {Mathématiques 1 commune},
    author = {École Spéciale Militaire de Saint-Cyr},
    year = {1995},
    keywords={sujetconcours}
}

@misc{cs_1_2012,
    title = {Mathématiques 1 \textsc{mp}},
    author = {Concours Centrale-Supélec},
    year = {2012},
    url = {https://www.concours-centrale-supelec.fr/CentraleSupelec/2012/MP/sujets/math1.pdf},
    keywords={sujetconcours}
}

@misc{cs_1_2009,
    title = {Mathématiques 1 \textsc{mp}},
    author = {Concours Centrale-Supélec},
    year = {2009},
    url = {https://www.concours-centrale-supelec.fr/CentraleSupelec/2009/MP/sujets/math1.pdf},
    keywords={sujetconcours}
}
